@misc{ Stellaris,
		author = "Texas Instruments",
		title = "Stellaris\textregistered LM4F120 LaunchPad Evaluation Kit",
		url = "http://www.ti.com/tool/EK-LM4F120XL",
		year = "2013",
		month = "June" }

@misc{ SEimg,
		title = "VST DIY",
		author = "Nick Storr",
		year = "2013",
		month = "June",
		url = "http://www.soundonsound.com/sos/sep09/articles/vstdiy.htm" }

@misc{ SynthEdit,
		title = "Synth Edit Homepage",
		author = "Jeff McClintock",
		url = "http://www.synthedit.com",
		year = "2013",
		month = "June" }

@misc{ writewav,
		title = "Making WAV files from C programs",
		author = "Kevin Karplus",
		year = "2011",
		month = "october",
		url = "http://karplus4arduino.wordpress.com/2011/10/08/making-wav-files-from-c-programs/" }

@misc{ Lect2,
		title = "Programming Project - Course 30010, Lecture 02",
		author = "Jos\'e Merayo",
		year = "2013",
		month = "June" }
		
@misc{ Lowpass,
		title = "Audio Effects - Simple filters",
		auther = "Spin Semiconductor",
		year = "2013",
		month = "June",
		url = "http://www.spinsemi.com/knowledge_base/effects.html#Simple_filters" }
		
@misc{ SVF,
		title = "Audio Effects - Peaking filters",
		auther = "Spin Semiconductor",
		year = "2013",
		month = "June",
		url = "http://www.spinsemi.com/knowledge_base/effects.html#Peaking_filters" }
		
@misc{ MIDI,
		title = "Essentials of the MIDI protocol",
		author = "Craig Stuart Sapp",
		url = "https://ccrma.stanford.edu/~craig/articles/linuxmidi/misc/essenmidi.html",
		year = "",
		month = "" }